
%% P violation by Lee, T. D., Yang C. N
@article{P_violation_theory,
  title = {Question of Parity Conservation in Weak Interactions},
  author = {Lee, T. D. and Yang, C. N.},
  journal = {Phys. Rev.},
  volume = {104},
  issue = {1},
  pages = {254--258},
  numpages = {0},
  year = {1956},
  month = {Oct},
  publisher = {American Physical Society},
  doi = {10.1103/PhysRev.104.254},
  url = {https://link.aps.org/doi/10.1103/PhysRev.104.254}
}

%% experiment result of P violation
@article{P_violation_exp,
  title = {Experimental Test of Parity Conservation in Beta Decay},
  author = {Wu, C. S. and Ambler, E. and Hayward, R. W. and Hoppes, D. D. and Hudson, R. P.},
  journal = {Phys. Rev.},
  volume = {105},
  issue = {4},
  pages = {1413--1415},
  numpages = {0},
  year = {1957},
  month = {Feb},
  publisher = {American Physical Society},
  doi = {10.1103/PhysRev.105.1413},
  url = {https://link.aps.org/doi/10.1103/PhysRev.105.1413}
}

%% Sakharov condition
@article{Sakharov,
  author = {A. D. Sakharov},
  title = {Violation of CP-Invariance, C-Asymmetry, and Baryon Asymmetry of     the Universe},
  journal = {JETP Letter},
  volumn = {5},
  pages = {24-27},
  year = {1967},
  month = {Jan}
}

%% CP violation experiment from K -> 2 pi
@article{K_CPviolation_exp,
  title = {Evidence for the $2\ensuremath{\pi}$ Decay of the $K_{2}^{0}$ Meson},
  author = {Christenson, J. H. and Cronin, J. W. and Fitch, V. L. and Turlay, R.},
  journal = {Phys. Rev. Lett.},
  volume = {13},
  issue = {4},
  pages = {138--140},
  numpages = {0},
  year = {1964},
  month = {Jul},
  publisher = {American Physical Society},
  doi = {10.1103/PhysRevLett.13.138},
  url = {https://link.aps.org/doi/10.1103/PhysRevLett.13.138}
}

%% KM model
@article{KM,
    author = {Kobayashi, Makoto and Maskawa, Toshihide},
    title = "{CP-Violation in the Renormalizable Theory of Weak Interaction}",
    journal = {Progress of Theoretical Physics},
    volume = {49},
    number = {2},
    pages = {652-657},
    year = {1973},
    month = {02},
    abstract = "{In a framework of the renormalizable theory of weak interaction, problems of CP-violation are studied. It is concluded that no realistic models of CP-violation exist in the quartet scheme without introducing any other new fields. Some possible models of CP-violation are also discussed.}",
    issn = {0033-068X},
    doi = {10.1143/PTP.49.652},
    url = {https://doi.org/10.1143/PTP.49.652}
}

%% KLpi0nn SM theory, BR prediction
@article{KLpi0nn_SM,
	
	Author = {Buras, Andrzej J. and Buttazzo, Dario and Girrbach-Noe, Jennifer and Knegjens, Robert},
	Da = {2015/11/05},
	Date-Added = {2020-04-24 06:01:57 +0000},
	Date-Modified = {2020-04-24 06:01:57 +0000},
	Doi = {10.1007/JHEP11(2015)033},
	Id = {Buras2015},
	Isbn = {1029-8479},
	Journal = {Journal of High Energy Physics},
	Number = {11},
	Pages = {33},
	Title = {$K^+ \to \pi^+ \nu \overline{\nu}$ and $K_L^0 \to \pi^0 \nu \overline{\nu}$ in the Standard Model: status and perspectives},
	Ty = {JOUR},
	Url = {https://doi.org/10.1007/JHEP11(2015)033},
	Volume = {2015},
	Year = {2015}
}

%% E391a experiment result on KLpi0nn
@article{KLpi0nn_e391a,
  title = {Experimental study of the decay ${K}_{L}^{0}\ensuremath{\rightarrow}{\ensuremath{\pi}}^{0}\ensuremath{\nu}\overline{\ensuremath{\nu}}$},
  author = {Ahn, J. K. and Akune, Y. and Baranov, V. and Chen, K. F. and Comfort, J. and Doroshenko, M. and Fujioka, Y. and Hsiung, Y. B. and Inagaki, T. and Ishibashi, S. and Ishihara, N. and Ishii, H. and Iwai, E. and Iwata, T. and Kato, I. and Kobayashi, S. and Komatsu, S. and Komatsubara, T. K. and Kurilin, A. S. and Kuzmin, E. and Lednev, A. and Lee, H. S. and Lee, S. Y. and Lim, G. Y. and Ma, J. and Matsumura, T. and Moisseenko, A. and Morii, H. and Morimoto, T. and Nakajima, Y. and Nakano, T. and Nanjo, H. and Nishi, N. and Nix, J. and Nomura, T. and Nomachi, M. and Ogata, R. and Okuno, H. and Omata, K. and Perdue, G. N. and Perov, S. and Podolsky, S. and Porokhovoy, S. and Sakashita, K. and Sasaki, T. and Sasao, N. and Sato, H. and Sato, T. and Sekimoto, M. and Shimogawa, T. and Shinkawa, T. and Stepanenko, Y. and Sugaya, Y. and Sugiyama, A. and Sumida, T. and Suzuki, S. and Tajima, Y. and Takita, S. and Tsamalaidze, Z. and Tsukamoto, T. and Tung, Y. C. and Wah, Y. W. and Watanabe, H. and Wu, M. L. and Yamaga, M. and Yamanaka, T. and Yoshida, H. Y. and Yoshimura, Y. and Zheng, Y.},
  collaboration = {E391a Collaboration},
  journal = {Phys. Rev. D},
  volume = {81},
  issue = {7},
  pages = {072004},
  numpages = {23},
  year = {2010},
  month = {Apr},
  publisher = {American Physical Society},
  doi = {10.1103/PhysRevD.81.072004},
  url = {https://link.aps.org/doi/10.1103/PhysRevD.81.072004}
}

%% KOTO 2013 paper
@article{KOTO_2013,
    author = {J-PARC KOTO Collaboration and Ahn, J. K. and Baek, K. Y. and Banno, S. and Beckford, B. and Brubaker, B. and Cai, T. and Campbell, M. and Carruth, C. and Chen, S. H. and Chu, S. and Comfort, J. and Duh, Y. T. and Furukawa, T. and Haraguchi, H. and Hineno, T. and Hsiung, Y. B. and Hutcheson, M. and Inagaki, T. and Isoe, M. and Iwai, E. and Kamibayashi, T. and Kamiji, I. and Kawasaki, N. and Kim, E. J. and Kim, Y. J. and Ko, J. W. and Komatsubara, T. K. and Kurilin, A. S. and Lee, G. H. and Lee, H. S. and Lee, J. W. and Lee, S. K. and Lim, G. Y. and Lin, C. and Ma, J. and Maeda, Y. and Masuda, T. and Matsumura, T. and Mcfarland, D. and Micallef, J. and Miyazaki, K. and Morgan, K. and Murayama, R. and Naito, D. and Nakagiri, K. and Nakajima, Y. and Nakaya, Y. and Nanjo, H. and Nomura, T. and Nomura, T. and Odani, Y. and Ogata, R. and Okuno, H. and Ota, T. and Ri, Y. D. and Sasaki, M. and Sasao, N. and Sato, K. and Sato, T. and Seki, S. and Shimogawa, T. and Shinkawa, T. and Shinohara, S. and Shiomi, K. and Son, J. S. and Stevens, J. and Su, S. and Sugiyama, Y. and Suzuki, S. and Tajima, Y. and Takahashi, G. and Takashima, Y. and Tecchio, M. and Teo, I. and Togawa, M. and Toyoda, T. and Tung, Y. C. and Usuki, T. and Wah, Y. W. and Watanabe, H. and Whallon, N. and Woo, J. K. and Xu, J. and Yamaga, M. and Yamamoto, S. and Yamanaka, T. and Yamauchi, H. and Yanagida, Y. and Yokota, H. and Yoshida, H. Y. and Yoshimoto, H.},
    title = "{A new search for the $K_L^0 \to \pi^0 \nu \overline{\nu}$ and $K_L^0 \to \pi^0 X^0$ decays}",
    journal = {Progress of Theoretical and Experimental Physics},
    volume = {2017},
    number = {2},
    year = {2017},
    month = {02},
    issn = {2050-3911},
    doi = {10.1093/ptep/ptx001},
    url = {https://doi.org/10.1093/ptep/ptx001},
    note = {021C01},
    keyword = {my_journal}
}

%% KOTO introduction
@article{KOTO_intro,
    author = {Yamanaka, Taku and for the KOTO Collaboration},
    title = "{The J-PARC KOTO experiment}",
    journal = {Progress of Theoretical and Experimental Physics},
    volume = {2012},
    number = {1},
    year = {2012},
    month = {12},
    issn = {2050-3911},
    doi = {10.1093/ptep/pts057},
    url = {https://doi.org/10.1093/ptep/pts057},
    note = {02B006}
}

%% KOTO proposal
@online{KOTO_proposal,
    author = {KOTO Collaboration},
    title = "{Proposal for $K_L^0 \to \pi^0 \nu \overline{\nu}$ Experiment at J-PARC}",
    eprint = {http://j-parc.jp/researcher/Hadron/en/pac_0606/pdf/p14-Yamanaka.pdf}
}

%% JPARC intro
@article{JPARC_intro,
    author = {Nagamiya, Shoji},
    title = "{Introduction to J-PARC}",
    journal = {Progress of Theoretical and Experimental Physics},
    volume = {2012},
    number = {1},
    year = {2012},
    month = {10},
    issn = {2050-3911},
    doi = {10.1093/ptep/pts025},
    url = {https://doi.org/10.1093/ptep/pts025},
    note = {02B001}
}

%% KOTO paper 2015
@article{KOTO_2015,
  title = {Search for ${K}_{L}\ensuremath{\rightarrow}{\ensuremath{\pi}}^{0}\ensuremath{\nu}\overline{\ensuremath{\nu}}$ and ${K}_{L}\ensuremath{\rightarrow}{\ensuremath{\pi}}^{0}{X}^{0}$ Decays at the J-PARC KOTO Experiment},
  author = {Ahn, J. K. and Beckford, B. and Beechert, J. and Bryant, K. and Campbell, M. and Chen, S. H. and Comfort, J. and Dona, K. and Hara, N. and Haraguchi, H. and Hsiung, Y. B. and Hutcheson, M. and Inagaki, T. and Kamiji, I. and Kawasaki, N. and Kim, E. J. and Kim, J. L. and Kim, Y. J. and Ko, J. W. and Komatsubara, T. K. and Kotera, K. and Kurilin, A. S. and Lee, J. W. and Lim, G. Y. and Lin, C. and Lin, Q. and Luo, Y. and Ma, J. and Maeda, Y. and Mari, T. and Masuda, T. and Matsumura, T. and Mcfarland, D. and McNeal, N. and Micallef, J. and Miyazaki, K. and Murayama, R. and Naito, D. and Nakagiri, K. and Nanjo, H. and Nishimiya, H. and Nomura, T. and Ohsugi, M. and Okuno, H. and Sasaki, M. and Sasao, N. and Sato, K. and Sato, T. and Sato, Y. and Schamis, H. and Seki, S. and Shimizu, N. and Shimogawa, T. and Shinkawa, T. and Shinohara, S. and Shiomi, K. and Su, S. and Sugiyama, Y. and Suzuki, S. and Tajima, Y. and Taylor, M. and Tecchio, M. and Togawa, M. and Tung, Y. C. and Wah, Y. W. and Watanabe, H. and Woo, J. K. and Yamanaka, T. and Yoshida, H. Y.},
  collaboration = {KOTO Collaboration},
  journal = {Phys. Rev. Lett.},
  volume = {122},
  issue = {2},
  pages = {021802},
  numpages = {6},
  year = {2019},
  month = {Jan},
  publisher = {American Physical Society},
  doi = {10.1103/PhysRevLett.122.021802},
  url = {https://link.aps.org/doi/10.1103/PhysRevLett.122.021802},
  keyword = {my_journal}
}

